@article{main_article,
  title   = {Detecting changes in slope with an $l_0$ penalty},
  url     = {https://arxiv.org/abs/1701.01672},
  journal = {arXiv.org},
  author  = {Maidstone, Robert and Fearnhead, Paul and Letchford, Adam},
  year    = {2017},
  month   = {Feb}
}

@article{Truong_Oudre_Vayatis_2020,
  title   = {Selective Review of Offline Change Point Detection Methods},
  url     = {https://arxiv.org/abs/1801.00718},
  journal = {arXiv.org},
  author  = {Truong, Charles and Oudre, Laurent and Vayatis, Nicolas},
  year    = {2020},
  month   = {Mar}
}