
@article{hampel1974,
author = {Frank R. Hampel},
title = {The Influence Curve and its Role in Robust Estimation},
journal = {Journal of the American Statistical Association},
volume = {69},
number = {346},
pages = {383-393},
year = {1974},
publisher = {Taylor & Francis},
doi = {10.1080/01621459.1974.10482962},
}

@article{mainarticle,
author = {Paul Fearnhead, Robert Maidstone and Adam Letchford},
title = {Detecting Changes in Slope With an L0 Penalty},
journal = {Journal of Computational and Graphical Statistics},
volume = {28},
number = {2},
pages = {265-275},
year = {2019},
publisher = {Taylor & Francis},
doi = {10.1080/10618600.2018.1512868},
}


